@book
{
    Huy06,
    AUTHOR = {Huybrechts, D.},
     TITLE = {Fourier-{M}ukai transforms in algebraic geometry},
    SERIES = {Oxford Mathematical Monographs},
 PUBLISHER = {The Clarendon Press, Oxford University Press, Oxford},
      YEAR = {2006},
     PAGES = {viii+307},
      ISBN = {978-0-19-929686-6; 0-19-929686-3},
   MRCLASS = {14F05 (14-02 18E30)},
  MRNUMBER = {2244106 (2007f:14013)},
MRREVIEWER = {Bal{\'a}zs Szendr{\H{o}}i},
       DOI = {10.1093/acprof:oso/9780199296866.001.0001},
       URL = {http://dx.doi.org/10.1093/acprof:oso/9780199296866.001.0001},
}
